@incollection{sanz2014markov,
  title={Markov chain Monte Carlo and numerical differential equations},
  author={Sanz-Serna, JM},
  booktitle={Current challenges in stability issues for numerical differential equations},
  pages={39--88},
  year={2014},
  publisher={Springer}
}